@electronic{maxima,
  title = {Maxima, a Computer Algebra System. {{Version}} 5.47.0},
  author = {{Maxima}},
  year = {2023},
  address = {https://maxima.sourceforge.io/},
  url = {https://maxima.sourceforge.io/},
  owner = {maxima},
  timestamp = {2023.06.01}
}

